@incollection{
year={2005},
isbn={978-3-540-29797-0},
booktitle={Formal Methods and Software Engineering},
volume={3785},
series={Lecture Notes in Computer Science},
editor={Lau, Kung-Kiu and Banach, Richard},
doi={10.1007/11576280_1},
title={Realising the Benefits of Formal Methods},
url={http://dx.doi.org/10.1007/11576280_1},
publisher={Springer Berlin Heidelberg},
author={Hall, Anthony},
pages={1-4}
}
