@inproceedings{Chapman:2006:CCM:1151816.1151820,
 author = {Chapman, Roderick},
 title = {Correctness by construction: a manifesto for high integrity software},
 booktitle = {Proceedings of the 10th Australian workshop on Safety critical systems and software - Volume 55},
 series = {SCS '05},
 year = {2006},
 isbn = {1-920-68237-6},
 location = {Sydney, Australia},
 pages = {43--46},
 numpages = {4},
 url = {http://dl.acm.org/citation.cfm?id=1151816.1151820},
 acmid = {1151820},
 publisher = {Australian Computer Society, Inc.},
 address = {Darlinghurst, Australia, Australia},
 keywords = {SPARK, correctness-by-construction, safety-critical, security-critical, software engineering},
}

@incollection{Hall2005Formal,
year={2005},
isbn={978-3-540-29797-0},
booktitle={Formal Methods and Software Engineering},
volume={3785},
series={Lecture Notes in Computer Science},
editor={Lau, Kung-Kiu and Banach, Richard},
doi={10.1007/11576280_1},
title={Realising the Benefits of Formal Methods},
url={http://dx.doi.org/10.1007/11576280_1},
publisher={Springer Berlin Heidelberg},
author={Hall, Anthony},
pages={1-4}
}
